@INPROCEEDINGS{503888, 
author={E. Gonzalez and A. Suarez and C. Moreno and F. Artigue}, 
booktitle={Proceedings of IEEE International Conference on Robotics and Automation}, 
title={Complementary regions: a surface filling algorithm}, 
year={1996}, 
volume={1}, 
number={}, 
pages={909-914 vol.1}, 
keywords={mobile robots;navigation;path planning;topology;uncertainty handling;2D surface filling navigation;autonomous mobile robot;complementary regions;indoor navigation;point to point trajectories;space decomposition concept;terrain acquisition;topological graph representation;Filling;Hardware;Mobile robots;Navigation;Orbital robotics;Robot sensing systems;Robotics and automation;Testing;Trajectory;Uncertainty}, 
doi={10.1109/ROBOT.1996.503888}, 
ISSN={1050-4729}, 
month={Apr},}

@INPROCEEDINGS{1570413, 
author={E. Gonzalez and O. Alvarez and Y. Diaz and C. Parra and C. Bustacara}, 
booktitle={Proceedings of the 2005 IEEE International Conference on Robotics and Automation}, 
title={BSA: A Complete Coverage Algorithm}, 
year={2005}, 
volume={}, 
number={}, 
pages={2040-2044}, 
keywords={Coverage Algorithm;Mobile Robots;Region Filling;Service Robots;Algorithm design and analysis;Collaborative work;Filling;Mobile robots;Motion control;Orbital robotics;Partitioning algorithms;Robotics and automation;Service robots;Spirals;Coverage Algorithm;Mobile Robots;Region Filling;Service Robots}, 
doi={10.1109/ROBOT.2005.1570413}, 
ISSN={1050-4729}, 
month={April},}

@INPROCEEDINGS{6269300, 
author={A. Ntawumenyikizaba and Hoang Huu Viet and TaeChoong Chung}, 
booktitle={2012 8th International Conference on Information Science and Digital Content Technology (ICIDT2012)}, 
title={An online complete coverage algorithm for cleaning robots based on boustrophedon motions and A* search}, 
year={2012}, 
volume={2}, 
number={}, 
pages={401-405}, 
keywords={A* algorithm;boustrophedon motion;cleaning robots;complete coverage}, 
doi={}, 
ISSN={}, 
month={June},}

@misc{aplicaciones_robotica,
	author = "Maria Raquel L. de Guizado",
	title = "{Robótica}",
	year = "2012",
	howpublished = {\url{https://nextcomrobotics.wordpress.com/campo-de-aplicacion/aplicacion-de-la-robotica/}},
}

@misc{waymo,
	title = "{P{\'a}gina Oficial de Waymo}",
	howpublished = {\url{https://waymo.com}}
}
@misc{ros,
	title = "{P{\'a}gina Oficial de ROS}",
	howpublished = {\url{http://www.ros.org}}
}

@misc{irobot,
	title = "{P{\'a}gina Oficial de dyson}",
	howpublished = {\url{https://www.dyson.es}}
}



@misc{irobot,
	title = "{P{\'a}gina Oficial de iRobot Corporation}",
	howpublished = {\url{http://www.irobot.es/}}
}


@misc{tesla,
	title = "{P{\'a}gina Oficial de Tesla}",
	howpublished = {\url{https://www.tesla.com/es_ES/}}
}

@ARTICLE{aplicaciones_robotica,
	author = {Félix Cerezo},
	title = "{Esto es lo que es capaz de hacer el coche autónomo de Tesla}",
	journal = {EL MUNDO},
	year = 2016,
	month = oct,
	adsurl = {http://www.elmundo.es/motor/2016/10/24/580ddaa9468aeb0b2b8b45cf.html},	
}

@ARTICLE{robots_amazon,
	author = {Michael Pooler},
	title = "{Los robots de Amazon revolucionan la logística}",
	journal = {Expansion},
	year = 2017,
	month = aug,
	adsurl = {http://www.expansion.com/economia-digital/innovacion/2017/08/29/59a458d7ca4741cf138b4622.html},		
}

@ARTICLE{robots_amazon1,
	author = {Miguel López},
	title = "{Este es el primer almacén robotizado de Amazon en España}",
	journal = {Xataka},
	year = 2017,
	month = apr,
	adsurl = {https://www.xataka.com/robotica-e-ia/este-es-el-primer-almacen-robotizado-de-amazon-en-espana},		
}

@ARTICLE{articulo_middleware,
	author = {Ayssam Elkady and Tarek Sobh},
	title = "{Robotics Middleware: A Comprehensive Literature Survey and Attribute-Based Bibliography}",
	journal = {Journal of Robotics},
	year = 2012,
	month = jan,
	pages = {15},
	adsurl = {https://www.xataka.com/robotica-e-ia/este-es-el-primer-almacen-robotizado-de-amazon-en-espana},		
}

@misc{clasificacion_robot6,
	title = "{Wiki de robótica}",
	howpublished = {\url{http://wiki.robotica.webs.upv.es/wiki-de-robotica/introduccion/historia/}},
}

@misc{orca,
	title = "{P{\'a}gina Oficial de Orca Robotics}",
	howpublished = {\url{http://orca-robotics.sourceforge.net/}
}

@misc{gazebo3,
	title = "{P{\'a}gina Oficial de Gazebo Simulator}",
	howpublished = {\url{http://gazebosim.org/}
}

@misc{arduino,
	title = "{P{\'a}gina Oficial de Arduino}",
	howpublished = {\url{https://www.arduino.cc/}
}

@misc{arduino1,
  title = "{Arduino,\textit{Wikipedia}}",
	howpublished = {\url{https://es.wikipedia.org/wiki/Arduino}},
}

@misc{player_proyect,
  title = "{Player Proyect,\textit{Wikipedia}}",
	howpublished = {\url{https://en.wikipedia.org/wiki/Player_Project}},
}

@misc{playerstage,
  title = "{The Player Project}",
	howpublished = {http://playerstage.sourceforge.net/}},
}

@misc{jderobot,
	title = "{P{\'a}gina Oficial de JdeRobot}",
	howpublished = {\url{http://jderobot.org}}
}

@misc{pcl,
	title = "{P{\'a}gina Oficial de PCL}",
	howpublished = {\url{http://pointclouds.org}}
}
@misc{construct,
	title = "{P{\'a}gina Oficial de The Construct}",
	howpublished = {\url{http://www.theconstructsim.com/}}
}



@misc{detectMov,
	title = "{Deteccion de movimiento}",
	howpublished = {\url{https://programarfacil.com/blog/vision-artificial/deteccion-de-movimiento-con-opencv-python/
}},
}

@misc{definicion_robotica,
	author = "Florencia Ucha",
	title = "{Definición de Robótica}",
	year = "2009",
	howpublished = {\url{https://www.definicionabc.com/tecnologia/robotica.php}},
}

@misc{definicion_robot,
	title = "{Definición de Robot}",
	year = "2014",
	howpublished = {\url{http://conceptodefinicion.de/robot/}},
}

@misc{historia,
	author = "Marilyn Perdigón",
	title = "{El padre de la robótica, \textit{Los primeros robots}}",
	year = "2012",
	howpublished = {\url{http://marilynpg.blogspot.com.es/}},
}

@misc{historia1,
	title = "{Historia}",
	howpublished = {\url{http://wiki.robotica.webs.upv.es/wiki-de-robotica/introduccion/historia/}},
}

@misc{clasificacion_robot,
	author = "Yanet Maritza Sagua Alanguía",
	title = "{Clasificación de los Robots, \textit{Robótica Puno}}",
	howpublished = {\url{http://roboticapuno.blogspot.com.es/2013/01/clasificacion-de-los-robots.html}},
}

@misc{clasificacion_robot1,
	title = "{Clasificación de robots}",
	howpublished = {\url{http://wiki.robotica.webs.upv.es/wiki-de-robotica/introduccion/clasificacion-de-robots/}},
}
@misc{clasificacion_robot2,
	title = "{Generaciones de la Robótica, \textit{Todo sobre la Robótica}}",
	howpublished = {\url{http://conozcamoslarobotica.blogspot.com.es/p/generaciones-de-la-robotica.html}},
}

@misc{clasificacion_robot4,
	author = "Víctor R. González",
	title = "{Definición del Robot Industrial, \textit{Robots industriales}}",
	year = "2002",
	howpublished = {\url{http://platea.pntic.mec.es/vgonzale/cyr_0204/ctrl_rob/robotica/industrial.htm}},
}

@misc{clasificacion_robot5,
	title = "{Importancia de la Robótica en la Educación, \textit{Educatronics. Ciencia, arte y arquitectura}}",
	howpublished = {\url{http://educatronics.com/publicaciones/importancia-de-la-rob%C3%B3tica-en-la-educacion}},
}

@ARTICLE{robotica_educativa,
	author = {Moreno, I. and Mu{\~n}oz, L. and Rolando,J. and Quintero, J. and Pitt{\'i},K. and Quiel,J. 
	},
	title = "{La robótica educativa, una herramienta para la enseñanza-aprendizaje de las ciencias y las tecnologías.}",
	journal = {Revista Teoría de la Educación: Educación y Cultura en la Sociedad de la Información.},
	year = 2012,
	month = jul,
	number  = 2,
	volume  = 13,
  pages   = {74-90},
	adsurl = {http://www.redalyc.org/html/2010/201024390005/},
		
}

@ARTICLE{robotica_educativa1,
	author = {Ca{\~n}as, J.M. and Mart{\'i}, A. and Perdices, E. and Rivas, F. and Calvo, R. 
	},
	title = "{Entorno docente para la programación de la inteligencia de los robots}",
	journal = {Iberoamericana de Automática e Informática Industrial},
	year = 2016,
	pages = {1-12},
	organization = {Laboratorio de Rob{\'o}tica, Universidad Rey Juan Carlos, Fuenlabrada 28943 Madrid, Espa{\~n}a},
  adsurl = {https://gsyc.urjc.es/jmplaza/academy-beta},
	
}

@misc{modelo_espiral,
	author = "Galo Fariño R.",
	title = "{Modelo Espiral de un proyecto de desarrollo de software, \textit{Administración y Evaluación de Proyectos}}",
	year = "2011",
	howpublished = {\url{http://www.ojovisual.net/galofarino/modeloespiral.pdf}},
}

@misc{modelo_espiral1,
	title = "{Modelo Espiral}",
	year = "2009",
	howpublished = {\url{http://modeloespiral.blogspot.com.es/}},
}

@misc{modelo_espiral2,
	author = "L.F Bello and J.Gutierrez",
	title = "{Modelo en Espiral y Modelo Basado en Prototipos}",
	year = "2017",
	howpublished = {\url{https://prezi.com/y7slahvparel/modelo-en-espiral-y-modelo-basado-en-prototipos-para-el-desarrollo-de-software/}},
}

@misc{modelo_espiral3,
	author = "Sonia Posligua",
	title = "{Modelo en Espiral}",
	year = "2013",
	howpublished = {\url{https://es.slideshare.net/soniaposligua/modelo-enespiral}},
}

@misc{historia_python,
	author = "Carlos Santana",
	title = "{Historia de Python}",
	year = "2013",
	howpublished = {\url{https://www.codejobs.biz/es/blog/2013/03/03/historia-de-python}},
}

@misc{tutorial_python,
	author = "Python Software Foundation",
	title = "{Tutorial de Python}",
	year = "2017",
	howpublished = {\url{http://docs.python.org.ar/tutorial/3/real-index.html}},
}

@misc{historia_python1,
	title = "{Python, \textit{EcuRed}}",
	year = "2017",
	howpublished = {\url{https://www.ecured.cu/Python}},
}

@misc{python1,
	title = "{What is PyQt?, \textit{Riverbank Computing Limited}}",
	year = "2016",
	howpublished = {\url{https://riverbankcomputing.com/software/pyqt/intro}},
}

@misc{pqt,
  author = "Jan Bodnar",
	title = "{Introduction to PyQt5}",
	year = "2017",
	howpublished = {\url{http://zetcode.com/gui/pyqt5/introduction/}},
}

@misc{navegacion_autolocalizacion,
  author = "Julio M. Vega",
	title = "{Navegaci{\'o}n y autolocalizaci{\'o}n de un robot gu{\'i}a de visitantes}",
	school = {Universidad Rey Juan Carlos},
	year= 2008,
	howpublished = {\url{https://gsyc.urjc.es/jmvega/documentation/2008-finalProject-guideRobot-talk.pdf}},
}

@misc{navegacion_autolocalizacion1,
	title = "{Navegaci{\'o}n en Robots M{\'o}viles, \textit{Planificaci{\'o}n de Trayectorias para Robots M{\'o}viles
}}",
	howpublished = {\url{http://webpersonal.uma.es/~VFMM/PDF/cap2.pdf}},
	note = "[Accedido 10 de Agosto de 2017]"
}

@phdthesis{navegacion,
  author = "Julio Manuel Vega",
	title = "{Navegaci{\'o}n visual del robot Pioneer}",
	year = 2005,
	school = {Universidad Rey Juan Carlos.Ingeniería Técnica en Informática de Sistemas},
	howpublished = {\url{https://gsyc.urjc.es/jmplaza/pfcs/pfc-polly2005.pdf}},
	note = "[Accedido 10 de Agosto de 2017]"
}

@misc{navegacion_autonoma,
 	title = "{Navegación autónoma, \textit{Cuentos Cuánticos}}",
	year = 2011,
	howpublished = {\url{https://cuentos-cuanticos.com/2011/11/12/navegacion-autonoma/}},
	note = "[Accedido 10 de Agosto de 2017]"
}

@phdthesis{planificacion_movimiento1,
  author = "Mariano Gómez Plaza",
	title = "{Planificación óptima de movimiento y aprendizaje por refuerzo en vehículos móviles
autónomos}",
	year = 2009,
	school = {Universidad de Alcalá. Escuela Politécnica Superior},
	howpublished = {\url{http://dspace.uah.es/dspace/bitstream/handle/10017/8032/Tesis_Doctoral_Mariano_G%C3%B3mez_Plaza_Nov-09.pdf?sequence=1}},
	note = "[Accedido 11 de Agosto de 2017]"
}

@phdthesis{programacion_robot,
  author = "J.M Cañas",
	title = "{Programación de robots con la plataforma Jderobot}",
	year = 2009,
	school = {Universidad de Málaga},
	howpublished = {\url{https://gsyc.urjc.es/jmplaza/activities/charla-umalaga2009.pdf}},
}

@misc{gazebo1,
	author = "Lucas Martín",
	title = "{Gazebo, simulador de robótica, \textit{Automatismos Mar del Plata}}",
	year = "2017",
	howpublished = {\url{http://www.automatismos-mdq.com.ar/blog/2017/01/gazebo-simulador-de-robotica.html}},
}

@misc{gazebo2,
	title = "{Gazebo Simulator: simular un robot nunca fue tan fácil, \textit{Robologs}}",
	year = "2016",
	howpublished = {\url{https://robologs.net/2016/06/25/gazebo-simulator-simular-un-robot-nunca-fue-tan-facil/}},
}

@misc{mindstorms,
	title = "{Lego NXT Holonómico, \textit{Lego NXT Mindstorms}}",
	howpublished = {\url{http://www.lejosconlego.com/2013/02/lego-nxt-holonomico.html}},
}

@misc{sdf,
	title = "{SDF}",
	year = 2017,
	howpublished = {\url{http://sdformat.org/}},
}

@misc{simuladores,
	title = "{Simuladores}",
	howpublished = {\url{https://eva.fing.edu.uy/pluginfile.php/127423/mod_resource/content/1/simuladores.pdf}},
}


@manual{irobot,
  title        = {Manual Roomba 500. Robot de Limpieza Aspirador},
  organization = {iRobot Corporation},
  year         = 2010,
	howpublished = {\url{https://homesupport.irobot.com/euf/assets/images/faqs/roomba/500/manual/es-ES.pdf}},
}

@manual{irobot1,
  title        = {Manual Roomba 800},
  organization = {iRobot Corporation},
  year         = 2014,
	howpublished = {\url{https://www.irobotweb.com/-/media/Files/Support/Home/Roomba/800/iRobot-Roomba-800-Manual.pdf?la=es-ES}},
}

@misc{aspiradora1,
	author = "Lucía Ruiz",
	title = "{Las Mejores Aspiradoras Robot del 2017 – Guía de Compra, \textit{Aspiradoras de mano}}",
	year = "2017",
	howpublished = {\url{http://www.aspiradorasdemano.com/mejores-aspiradoras-robot/}},
}

@misc{xiaomi1,
	title = "{Test Robot aspiradora Xiaomi Mi, \textit{Las aspiradoras}}",
	year = "2017",
	howpublished = {\url{http://www.lasaspiradoras.com/test-robot-aspiradora-xiaomi-mi/}},
}

@phdthesis{localization,
	author = "Guido Zunino",
	title = "{Simultaneous Localization and Mapping for Navigation in Realistic Environments }",
	year = "2002",
	school = {Royal Institute of Technology},
	howpublished = {\url{http://citeseerx.ist.psu.edu/viewdoc/download;jsessionid=9358B615B2836BBAEBEB32D2D3B5FACE?doi=10.1.1.126.1473&rep=rep1&type=pdf}},
}

@misc{roomba_navigation,
	author = "Julia Layton",
	title = "{How Robotic Vacuums Work, \textit{HowStuffWorks }}",
	howpublished = {\url{http://electronics.howstuffworks.com/gadgets/home/robotic-vacuum2.htm}},
}


@misc{roomba_navigation1,
	title = "{Roomba navigation algorithm, \textit{Random Sequence}}",
	year = "2012",
	howpublished = {\url{http://www.randseq.org/2012/11/roomba-navigation-algorithm.html}},
}

@misc{opencv,
	title = "{P{\'a}gina Oficial de OpenCV}",
	year = "2017",
	howpublished = {\url{http://opencv.org/}}
	
}

@misc{robotica_educativa2,
	author = "Jose Cabrera Lozano",
	title = "{Definición de robótica educativa\textit{Edukative, Robótica educativa}}",
	year = "2014",
	howpublished = {\url{https://edukative.es/definicion-robotica-educativa/}},
}

@misc{robotica_educativa3,
	title = "{Iniciativas que promueven las competencias 4C en los alumnos: creatividad, pensamiento crítico, colaboración y comunicación,\textit{innedu}}",
	howpublished = {\url{http://www.innedu.es/iniciativas-que-promueven-las-competencias-4c-en-los-alumnos-creatividad-pensamiento-critico-colaboracion-y-comunicacion/#.WbbxB8hJbIV}},
}

@misc{robotica_educativa4,
	title = "{Importancia de los videojuegos para las habilidades del siglo XXI,\textit{ÁrbolABC.com}}",
	howpublished = {\url{https://arbolabc.com/blog/importancia-de-los-videojuegos-para-las-habilidades-del-siglo-xxi/}},
}

@misc{robotica_educativa5,
  
	title = "{Las Cuatro Habilidades De Una Educación Del Siglo 21,\textit{Fundación SM}}",
	year = "2015",
	howpublished = {\url{http://www.seminariointernacional.com.mx/blog/Las-cuatro-habilidades-de-una-educacion-del-siglo-21}},
}

@misc{robotic_educativa1,
  
	title = "{JdeRobot-kids,\textit{JdeRobot}}",
	year = "2017",
	howpublished = {\url{http://jderobot.org/Robotica-en-secundaria}},
}

@misc{robotic_educativa2,
  
	title = "{Tutoriales de robóticaTutoriales de robótica}",
	howpublished = {\url{https://www.solidworks.es/sw/education/9931_ESN_HTML.htm}},
}

@ARTICLE{robotic_educativa3,
	author    = {Ricardo Tellez}, 
	title = "{A thousand robots for each student: using cloud robot simulations to teach robotics}",
	journal = {The Construct Sim},
	year = 2016,
	adsurl = {http://www.theconstructsim.com/wp-content/uploads/2016/05/A_thousand_robots_for_each_student.pdf},
}

@misc{robotic_educativa4,
  author = "Robótica en la Universidad de Alcalá",
	title = "{Proyecto TuBot 2015,\textit{Alcabot}}",
	year = "2015",
	howpublished = {\url{http://asimov.depeca.uah.es/robotica/mod/resource/view.php?id=1188}},
}

@misc{robotic_educativa5,
  title = "{Grado en Ingeniería Robótica,\textit{Universidad de Alicante}}",
	year = "2016",
	howpublished = {\url{https://cvnet.cpd.ua.es/webcvnet/planestudio/planestudiond.aspx?plan=C211#}},
}

@misc{robotic_educativa6,
  title = "{Plan de Estudios Electrónica, Robótica y Mecatrónica,\textit{Universidad de Málaga}}",
	year = "2017",
	howpublished = {\url{http://www.uma.es/grado-en-ingenieria-electronica-robotica-y-mecatronica/info/9857/plan-de-estudios-electronica-robotica-y-mecatronica/}},
}

@misc{robotic_educativa7,
  title = "{471 Másters oficiales de ingeniería electrónica robotica mecatroóica,\textit{educaweb}}",
	year = "2017",
	howpublished = {\url{http://www.educaweb.com/masters-oficiales-de/ingenieria-electronica-robotica-mecatronica/}},
}

@misc{middleware,
  title = "{Robotics middleware,\textit{Wikipedia}}",
	year = "2017",
	howpublished = {\url{https://en.wikipedia.org/wiki/Robotics_middleware}},
}

@ARTICLE{middleware1,
	author    = {Simone Ceriani and Martino Migliavacca}, 
	title = "{Middleware in robotics}",
	journal = {Advanced Methods of Information Technology for Autonomous Robotics},
	adsurl = {http://home.deib.polimi.it/gini/AdvancedRobotics/docs/CerianiMigliavacca.pdf},
}

@misc{open_source,
  title = "{Open Source Robotics Software/Hardware List,\textit{Learn Robotix}}",
	howpublished = {\url{http://learnrobotix.com/open-source-robotics-software.html}},
}

@phdthesis{opecv_educacion,
  author = {V. M. Arévalo and J. González and G. Ambrosio },
	title = "{La Librería de Visión Artificial OpenCV, Aplicación a la Docencia e Investigación}",
	year = 2004,
	school = {Dpto. De Ingeniería de Sistemas y Automática, Universidad de Málaga},
	howpublished = {\url{http://mapir.isa.uma.es/varevalo/drafts/arevalo2004lva1.pdf}},
}

@misc{BoofCV ,
  title = "{BoofCV}",
	howpublished = {\url{https://boofcv.org/index.php?title=Main_Page}},
}

@misc{AForge.NET ,
  title = "{AForge.NET Framework, \textit{AForge.NET}}",
	howpublished = {\url{http://www.aforgenet.com/framework/}},
}

@ARTICLE{urbi,
	author    = {Baillie, J. and Demaille, A. and Hocquet, Q. and Nottale, M. and Tardieu, S}, 
	title = "{The Urbi Universal Platform for Robotics}",
	journal = {Simulation, Modeling and Programming for Autonomous Robots},
	year = "2008",
	pages   = {580-591},
	isbn = {978-88-95872-01-8},
	adsurl = {https://rfc1149.net/download/documents/scpr2008-08-Baillie.pdf},
}

@misc{orocos,
	author = {Herman Bruyninckx and Peter Soetens},
  title = "{The OROCOS Project}",
	year = "2007",
	howpublished = {\url{https://people.mech.kuleuven.be/~orocos/pub/stable/documentation/rtt/v1.10.x/doc-xml/orocos-overview.html}},
}
